<?xml version="1.0" encoding="UTF-8"?><collection xmlns="http://www.loc.gov/MARC21/slim"><record><leader>00419nam--2200157-i-4500</leader><controlfield tag="001">000006602</controlfield><controlfield tag="002">20161230</controlfield><controlfield tag="005">20170116234340</controlfield><controlfield tag="008">060222s1000------------r-----000-0-eng-d</controlfield><datafield ind1=" " ind2=" " tag="100"><subfield code="a">Accary, A</subfield></datafield><datafield ind1=" " ind2=" " tag="245"><subfield code="a">The preparation and fabrication of uranium-carbon alloys</subfield></datafield><datafield ind1=" " ind2=" " tag="260"><subfield code="a">Harwell</subfield><subfield code="b">Atomic Energy Research Establ</subfield><subfield code="c">1963</subfield></datafield><datafield ind1=" " ind2=" " tag="300"><subfield code="a">29 p</subfield></datafield><datafield ind1=" " ind2=" " tag="490"><subfield code="a">959 (Anglia)</subfield></datafield><datafield ind1=" " ind2=" " tag="852"><subfield code="a">19471</subfield></datafield><datafield ind1=" " ind2=" " tag="CAT"><subfield code="a">SYS</subfield><subfield code="c">20170116</subfield><subfield code="h">234340</subfield></datafield></record></collection>